@manual{caret,
  title  = {caret: Classification and Regression Training},
  author = {Max Kuhn},
  year   = {2021},
  note   = {R package version 6.0-90},
  url    = {https://CRAN.R-project.org/package=caret}
}

@misc{enwiki:1065796786,
  author = {{Wikipedia contributors}},
  title  = {World Geodetic System --- {Wikipedia}{,} The Free Encyclopedia},
  year   = {2022},
  url    = {https://en.wikipedia.org/w/index.php?title=World_Geodetic_System&oldid=1065796786},
  note   = {[Online; accessed 15-January-2022]}
}

@misc{frwiki:181713838,
  author = {Wikipédia},
  title  = {Système de coordonnées (cartographie) --- Wikipédia{,} l'encyclopédie libre},
  year   = {2021},
  url    = {https://fr.wikipedia.org/w/index.php?title=Système_de_coordonnées_(cartographie)},
  note   = {[En ligne; Page disponible le 9-avril-2021]}
}

@misc{frwiki:183891886,
  author = {Wikipédia},
  title  = {Valeur prédictive --- Wikipédia{,} l'encyclopédie libre},
  year   = {2021},
  url    = {http://fr.wikipedia.org/w/index.php?title=Valeur_pr%C3%A9dictive&oldid=183891886},
  note   = {[En ligne; Page disponible le 17-juin-2021]}
}
@misc{frwiki:186749575,
  author = {Wikipédia},
  title  = {Système géodésique --- Wikipédia{,} l'encyclopédie libre},
  year   = {2021},
  url    = {http://fr.wikipedia.org/w/index.php?title=Syst%C3%A8me_g%C3%A9od%C3%A9sique&oldid=186749575},
  note   = {[En ligne; Page disponible le 30-septembre-2021]}
}
@misc{frwiki:188614923,
  author = {Wikipédia},
  title  = {Longitude --- Wikipédia{,} l'encyclopédie libre},
  year   = {2021},
  url    = {http://fr.wikipedia.org/w/index.php?title=Longitude&oldid=188614923},
  note   = {[En ligne; Page disponible le 6-décembre-2021]}
}
@misc{frwiki:189341688,
  author = {Wikipédia},
  title  = {Latitude --- Wikipédia{,} l'encyclopédie libre},
  year   = {2021},
  url    = {http://fr.wikipedia.org/w/index.php?title=Latitude&oldid=189341688},
  note   = {[En ligne; Page disponible le 29-décembre-2021]}
}
@misc{frwiki:190112465,
  author = {Wikipédia},
  title  = {Pression atmosphérique --- Wikipédia{,} l'encyclopédie libre},
  year   = {2022},
  url    = {http://fr.wikipedia.org/w/index.php?title=Pression_atmosph%C3%A9rique&oldid=190112465},
  note   = {[En ligne; Page disponible le 22-janvier-2022]}
}

@misc{frwiki:190163125,
  author = {Wikipédia},
  title  = {Climat de l'Australie --- Wikipédia{,} l'encyclopédie libre},
  year   = {2022},
  url    = {http://fr.wikipedia.org/w/index.php?title=Climat_de_l%27Australie&oldid=190163125},
  note   = {[En ligne; Page disponible le 23-janvier-2022]}
}

@manual{ggplot2,
  author    = {Hadley Wickham},
  title     = {ggplot2: Elegant Graphics for Data Analysis},
  publisher = {Springer-Verlag New York},
  year      = {2016},
  isbn      = {978-3-319-24277-4},
  url       = {https://ggplot2.tidyverse.org}
}

@manual{ozmaps,
  title  = {ozmaps: Australia Maps},
  author = {Michael Sumner},
  year   = {2021},
  note   = {R package version 0.4.5},
  url    = {https://CRAN.R-project.org/package=ozmaps}
}

@manual{rnaturalearth,
  title  = {rnaturalearth: World Map Data from Natural Earth},
  author = {Andy South},
  year   = {2017},
  note   = {R package version 0.1.0},
  url    = {https://CRAN.R-project.org/package=rnaturalearth}
}

@article{smote,
  title     = {SMOTE: Synthetic Minority Over-sampling Technique},
  volume    = {16},
  issn      = {1076-9757},
  url       = {http://dx.doi.org/10.1613/jair.953},
  doi       = {10.1613/jair.953},
  journal   = {Journal of Artificial Intelligence Research},
  publisher = {AI Access Foundation},
  author    = {Chawla, N. V. and Bowyer, K. W. and Hall, L. O. and Kegelmeyer, W. P.},
  year      = {2002},
  month     = {Jun},
  pages     = {321–357}
}

@manual{smotefamily,
  title  = {smotefamily: A Collection of Oversampling Techniques for Class Imbalance
            Problem Based on SMOTE},
  author = {Wacharasak Siriseriwan},
  year   = {2019},
  note   = {R package version 1.3.1},
  url    = {https://CRAN.R-project.org/package=smotefamily}
}

@manual{stats,
  title        = {R: A Language and Environment for Statistical Computing},
  author       = {{R Core Team}},
  organization = {R Foundation for Statistical Computing},
  address      = {Vienna, Austria},
  year         = {2020},
  url          = {https://www.R-project.org/}
}
@misc{wgs84,
  author = {gifgeography},
  title  = {World Geodetic System (WGS84)},
  year   = {2022},
  url    = {https://gisgeography.com/wgs84-world-geodetic-system/},
  note   = {[En ligne]}
}